@online{wiki_x10,
  author = {Wikipedia},
  title = {X10 (Industry standard)},
  year = 2015,
  url = {https://en.wikipedia.org/wiki/X10_%28industry_standard%29},
  urldate = {2015-09-20}
},

@online{wiki_insteon,
  author = {Wikipedia},
  title = {Insteon},
  year = 2015,
  url = {https://en.wikipedia.org/wiki/Insteon},
  urldate = {2015-09-20}
},

@online{wiki_zwave,
  author = {Wikipedia},
  title = {Z-Wave},
  year = 2015,
  url = {https://en.wikipedia.org/wiki/Z-Wave},
  urldate = {2015-09-20}
},

@online{wiki_zigbee,
  author = {Wikipedia},
  title = {ZigBee},
  year = 2015,
  url = {https://en.wikipedia.org/wiki/ZigBee},
  urldate = {2015-09-20}
},

@online{wiki_wifi,
  author = {Wikipedia},
  title = {Wi-Fi},
  year = 2015,
  url = {https://en.wikipedia.org/wiki/wifi},
  urldate = {2015-09-20}
},

@online{wiki_bluetooth,
  author = {Wikipedia},
  title = {Bluetooth},
  year = 2015,
  url = {https://en.wikipedia.org/wiki/bluetooth},
  urldate = {2015-09-20}
},

@online{wiki_ethernet,
  author = {Wikipedia},
  title = {Ethernet},
  year = 2015,
  url = {https://en.wikipedia.org/wiki/ethernet},
  urldate = {2015-09-20}
},

@online{wiki_upb,
  author = {Wikipedia},
  title = {Universal powerline bus},
  year = 2015,
  url = {https://en.wikipedia.org/wiki/Universal_powerline_bus},
  urldate = {2015-09-20}
}
